<?xml version="1.0" encoding="UTF-8"?><record xmlns="http://www.loc.gov/MARC21/slim" xmlns:cinclude="http://apache.org/cocoon/include/1.0" xmlns:zs="http://www.loc.gov/zing/srw/">
  <leader>00413nz  a2200121n  4500</leader>
  <controlfield tag="001">n  86846623 </controlfield>
  <controlfield tag="003">DLC</controlfield>
  <controlfield tag="005">19860818134635.7</controlfield>
  <controlfield tag="008">860818n| acannaab|          |n aad |||  </controlfield>
  <datafield tag="010" ind1=" " ind2=" ">
    <subfield code="a">n  86846623 </subfield>
  </datafield>
  <datafield tag="040" ind1=" " ind2=" ">
    <subfield code="a">DLC</subfield>
    <subfield code="c">DLC</subfield>
  </datafield>
  <datafield tag="100" ind1="1" ind2="0">
    <subfield code="a">Tauck, David Lawrence,</subfield>
    <subfield code="d">1956-</subfield>
  </datafield>
  <datafield tag="670" ind1=" " ind2=" ">
    <subfield code="a">nuc86-75191: His An aberrant recurrent excitatory circuit ... 1983</subfield>
    <subfield code="b">(hdg. on NcD rept.: Tauck, David Lawrence, 1956- ; usage: David Lawrence Tauck)</subfield>
  </datafield>
</record>